1680 2760
518 75 1069 122 UMBELLIFERAE.
1349 73 1444 119 265

120 201 372 268 producto
423 218 476 251 es
521 217 710 277 apertas
753 199 1020 249 sufficiente
1075 216 1194 264 para
1237 198 1505 250 abastecer

126 271 175 322 el
240 288 489 320 consumo
565 269 788 319 interior.
883 267 971 319 Me
1039 286 1223 334 parece
1297 287 1393 334 que
1464 270 1511 319 la

127 341 471 407 propagaeion
525 339 602 388 del
644 355 840 402 gusano
883 340 943 388 de
995 340 1114 388 seda
1167 339 1340 403 podria
1377 340 1506 388 teri·

129 411 312 460 ficarse
362 427 424 461 en
477 427 561 459 ese
606 409 807 457 distrito
851 425 947 458 eon
986 409 1203 474 grandes
1260 412 1510 474 ventajas.

131 478 193 529 El
247 480 401 537 olivo,
465 488 548 529 tan
604 478 1072 528 abundantemente
1131 478 1395 528 cultivado
1446 496 1510 529 en

128 547 339 614 E5pafia
381 567 407 599 e
436 547 595 605 Italia,
641 566 878 613 prospera
918 548 1000 597 alti
1026 549 1371 613 produciendo
1409 566 1513 598 uua

128 618 264 668 fruta
319 620 381 669 de
416 618 564 685 ·igual
606 623 815 668 tamafio
861 635 890 667 a
950 618 1150 683 aquella
1206 636 1302 684 que
1366 629 1511 669 traen

130 689 194 739 de
254 687 476 754 Europa.

202 757 279 808 La
329 759 530 825 espeeie
581 757 800 808 llamada
850 755 1160 806 ,Melocactus
1210 775 1301 823 por
1357 776 1413 808 su
1461 758 1515 807 fi-

130 845 258 895 gura
301 846 398 894 que
445 838 740 893 representa
791 845 856 877 un
888 827 1049 876 melon
1093 830 1285 894 grande
1314 829 1519 878 cubier-

134 908 186 947 to
236 899 297 948 de
348 899 563 964 espinas‚
607 916 659 948 se
713 898 844 947 halla
894 915 954 947 en
1028 898 1098 947 los
1145 898 1302 947 nanos
1347 899 1518 948 midos

130 968 193 1018 de
217 967 523 1018 Venezuela
555 966 654 1017 ΕΙ
642 967 879 1033 ganadoi
917 983 1055 1017 otros
1084 969 1328 1018 animales
1354 986 1515 1019 euan-

129 1038 194 1086 do
241 1040 387 1088 estan
437 1038 692 1088 sedientos
745 1055 993 1086 arrancan
1042 1037 1111 1087 las
1153 1039 1353 1102 espinas
1404 1039 1415 1087 i
1463 1058 1516 1089 se

130 1107 389 1159 refrescan
435 1125 536 1159 con
579 1108 625 1158 el
663 1110 788 1175 jugo
835 1108 896 1157 de
920 1125 1017 1173 que
1045 1108 1249 1158 abunda
1275 1120 1382 1159 este
1430 1127 1520 1159 ve-

138 1177 291 1244 getal.

253 1442 407 1502 an.
438 1443 534 1502 45.
588 1435 1225 1506 Umbelliferaffl
1264 1439 1295 1497 J
1307 1461 1417 1498 uss.

207 1595 373 1663 Calyx
395 1614 623 1662 superus,
647 1598 693 1647 in
717 1596 901 1648 tubum
924 1597 1103 1646 ovario
1132 1596 1374 1645 adflatum
1404 1611 1526 1643 con-

141 1677 331 1725 cretus,
379 1666 531 1717 limbo
579 1679 666 1717 aut
710 1676 962 1722 truncato,
1002 1667 1232 1716 obs‹›leto
1283 1665 1361 1715 vel
1394 1664 1530 1714 nullo

140 1748 230 1788 aut
278 1739 576 1788 5-dentat0.
621 1737 793 1788 Petam
834 1744 878 1794 5,
923 1737 1066 1786 disco
1095 1754 1347 1786 summum
1387 1734 1527 1802 caly-

139 1807 214 1858 cis
263 1807 440 1857 tubum
491 1809 735 1858 vestienti
789 1819 940 1858 extus
981 1807 1188 1865 inserta,
1241 1807 1384 1868 apice
1427 1805 1528 1870 pla-

139 1894 207 1927 na
251 1877 332 1927 ve!
382 1879 582 1944 saepius
648 1879 696 1927 in
747 1877 1018 1927 {aemulam
1073 1876 1390 1942 replicatam
1444 1883 1530 1924 aut

142 1947 424 1998 involutam
472 1948 735 2014 pr0‚ducta
763 1948 1098 1997 aestivatione
1128 1945 1416 2002 imbricata,
1445 1962 1526 1993 ta-

144 2017 344 2068 rissirne
397 2019 621 2068 Valvata.
669 2017 905 2067 Stamina
955 2023 999 2069 5
1065 2034 1180 2066 eum
1236 2015 1420 2081 petalis
1464 2014 1531 2063 al-

149 2097 310 2147 terna,
371 2105 459 2153 per
505 2088 897 2138 aestivationem
950 2086 1218 2151 replicata.
1283 2084 1534 2134 Ovarium

150 2156 388 2216 inferum,
434 2157 725 2208 biloculare.
778 2156 947 2207 Ovula
987 2157 1034 2205 in
1089 2156 1264 2206 loculis
1292 2155 1533 2211 solitaria,

149 2228 388 2293 pendula.
456 2227 587 2294 Styli
638 2234 684 2284 2,
748 2226 1058 2283 terminales,
1109 2225 1376 2290 simplices.
1425 2223 1532 2273 basi

152 2296 262 2363 plus
303 2298 467 2346 minus
519 2299 567 2347 in
619 2297 893 2364 stylipodia
933 2296 1164 2346 ovariurn
1210 2295 1534 2361 tegentiazin-

150 2368 380 2420 crassati,
429 2365 645 2417 Fructus
672 2386 698 2418 e
726 2367 964 2432 carpidiis
1004 2372 1035 2416 2
1069 2365 1434 2431 (mericwpiis)
1466 2381 1529 2413 ex

148 2437 297 2502 apice
338 2437 644 2503 calpophoti
711 2437 854 2487 axilis
904 2436 1120 2501 duplicis
1175 2434 1421 2500 pendulis,
1471 2434 1535 2482 ad

151 2507 501 2557 maturitatem
544 2507 648 2557 fere
686 2524 888 2585 semper
933 2506 1216 2584 disjuncttiS,
1265 2515 1411 2554 extus
1445 2504 1534 2570 ju-

151 2576 239 2641 gis
303 2577 596 2644 productus,
629 2596 692 2630 ex
744 2578 802 2627 iis
855 2582 885 2627 5
938 2577 1188 2644 primariis
1232 2592 1349 2626 cum
1391 2581 1423 2624 4
1463 2591 1539 2625 se-
