1680 2760
286 122 348 165 50
657 119 1182 166 CRASSULACEAE.
1234 128 1237 131 ’

227 267 284 302 ro
328 250 559 315 aequalia
610 259 661 300 et
702 265 820 298 cum
871 248 928 297 iis
978 247 1187 306 alterna,
1236 266 1372 299 nunc
1420 249 1585 315 dupla,

230 319 329 369 alia
370 320 549 384 petalis
574 318 805 385 opposita
854 316 1089 367 breviora
1131 328 1183 369 et
1223 319 1425 368 seriora.
1457 316 1583 368 Fila-

227 400 401 439 menta
445 389 578 439 inter
626 407 678 438 se
725 387 894 443 libera,
921 385 1185 446 subulata;
1229 387 1470 438 antherae
1514 386 1583 436 bi-

222 458 491 514 loculares,
541 456 970 524 longitudinaiiter
1018 455 1355 507 dehiscentes.
1409 456 1585 522 Squa-

225 527 391 579 mulae
460 527 762 594 hypogynae
807 527 868 575 ad
943 525 1083 573 basin
1172 526 1396 591 cujusvis
1461 544 1584 575 ova-

225 598 286 648 rii
328 597 597 653 solitariae,
628 613 762 646 nunc
790 593 1061 644 obsoletae
1110 594 1342 661 Carpella
1369 606 1442 645 tot
1464 604 1586 659 quot

225 666 413 732 petala,
461 679 511 715 et
552 666 609 715 iis
635 666 878 732 opposita,
906 665 1043 713 circa
1073 666 1204 714 axim
1233 664 1443 715 idealem
1472 682 1583 714 v-ei

226 735 450 794 ticiliata,
476 736 605 785 inter
631 753 682 785 se
731 734 901 791 libera,
930 732 1273 784 unilocularia.
1317 733 1447 800 Styli
1475 750 1584 783 ear-

226 805 470 871 pellorum
522 804 766 861 continui,
832 803 990 859 liberi,-
1040 802 1288 853 interdum
1340 802 1583 852 concreti.

228 874 398 925 Ovula
442 875 490 923 in
538 874 771 939 placenta
797 883 999 922 suturae
1040 872 1254 922 ventrali
1285 873 1488 923 adnata.
1516 871 1583 920 bi·

227 944 452 995 seriatim
505 945 717 1009 plurima
769 942 848 991 vel
909 959 1119 992 numero
1167 941 1387 998 definita,
1455 941 1584 990 hori-

226 1013 450 1064 zontalia
503 1013 583 1063 vel
632 1012 865 1079 pendula,
908 1023 1168 1077 anatropa.
1219 1011 1468 1075 Capsulae
1496 1010 1586 1059 fol-

228 1083 478 1140 liculares‚
550 1082 750 1140 liberae,
815 1091 991 1132 sutura
1049 1081 1263 1130 ventrali
1314 1081 1586 1129 introrsum

177 1156 182 1160 ’
228 1152 512 1210 dehiscens,
548 1163 634 1202 aut
664 1154 709 1200 in
734 1150 989 1216 capsulam
1035 1149 1437 1213 plurilocuiarem
1467 1165 1586 1198 con-

229 1235 420 1279 cretae,
451 1221 623 1272 loculis
649 1222 797 1271 dorso
820 1220 958 1269 fissis.
1003 1218 1212 1268 Semina
1247 1219 1306 1268 ad
1338 1221 1590 1281 margines

228 1302 435 1343 suturae
500 1291 681 1348 adfixa,
739 1307 952 1340 numero
1011 1289 1287 1339 indefinita.
1362 1287 1589 1354 Embryo

228 1371 399 1412 rectus
445 1361 493 1410 in
541 1361 620 1410 axi
673 1359 939 1409 albuminis
966 1359 1182 1415 carnosi,
1231 1358 1335 1407 radi
1342 1357 1457 1408 cula
1482 1375 1587 1406 um-

229 1430 382 1481 bilico
431 1441 680 1496 spectans
689 1428 959 1479 —Herbae
1008 1428 1087 1478 xe!
1137 1427 1358 1483 frutices,
1428 1426 1587 1483 caule,

228 1501 484 1564 ramisque
533 1499 789 1556 teretibus,
856 1498 962 1563 plus
1037 1497 1201 1547 minus
1261 1495 1587 1546 succulentis.

230 1568 377 1620 Folia
418 1570 614 1635 integra
657 1568 737 1618 vel
767 1566 1075 1634 pinnatifida‚
1112 1566 1430 1630 exstipulata.
1475 1563 1589 1614 Flo-

228 1657 310 1690 res
342 1640 390 1688 in
439 1649 500 1705 cy
510 1657 615 1688 mas
661 1637 743 1688 vel
787 1654 1018 1688 racemos
1067 1637 1320 1702 segundos
1347 1633 1589 1701 dispositi,

230 1708 393 1760 xffaiius
441 1708 639 1775 spicati.

565 1846 688 1896 Gen.
721 1852 762 1897 1.
792 1842 1065 1896 SEDUM.
1094 1842 1250 1893 Linn.

302 1985 770 2054 Caly-x5-ph311us,
811 1984 990 2034 foliolis
1039 1983 1218 2039 ovans,
1265 1982 1461 2048 saepius
1489 1991 1589 2030 tui

232 2054 780 2123 gidis,f01iifo=mibus.
835 2053 1005 2104 Petala
1035 2060 1080 2114 5,
1124 2052 1322 2117 saepius
1352 2051 1590 2116 patentia.

236 2126 471 2176 stamina
523 2124 957 2190 10.Squamutae
1008 2123 1174 2189 hypog
1170 2139 1310 2188 ynae
1364 2121 1592 2185 integiae

235 2196 315 2246 vel
367 2195 664 2245 bievissime
713 2194 1073 2259 einaiginatae
1117 2190 1366 2257 Capsulae
1401 2189 1590 2239 follicu-

235 2265 365 2316 lares
415 2271 458 2323 5,
494 2264 695 2314 libeiffae

310 2410 353 2453 1.
416 2402 453 2452 S
483 2420 758 2454 QUITENSE.
811 2400 878 2451 H.
926 2399 983 2450 B.
1036 2398 1103 2449 K.
1150 2397 1258 2448 DC.
1305 2404 1349 2448 3.
1380 2415 1425 2464 p.
1474 2403 1592 2447 410.

237 2473 395 2524 Caulo
433 2472 698 2530 herbaceo,
744 2471 934 2536 glabrO,
981 2470 1110 2520 foliis
1160 2469 1381 2525 alternis,
1444 2483 1596 2531 supra

240 2542 412 2606 planis,
486 2542 660 2591 subtus
734 2540 999 2597 convexis,
1068 2536 1600 2615 spathulato-lanceo-

240 2612 369 2673 latis,
406 2610 748 2670 acutiusculis,
798 2608 1176 2675 integerrimis·
1166 2647 1178 2668 ,
1219 2605 1434 2659 racemis
1460 2604 1593 2656 elon-
